@article{LIGO2017,
  author = {Abbott, B. P. et al.},
  title = {Multi-messenger Observations of a Binary Neutron Star Merger},
  journal = {ApJ},
  year = {2017},
  volume = {848},
  pages = {L12}
}
