@article{Planck2020,
  author  = {Planck Collaboration},
  title   = {Planck 2018 results. I. Overview and the cosmological legacy of the Planck mission},
  journal = {Astronomy \& Astrophysics},
  year    = {2020},
  volume  = {641},
  pages   = {A1},
  doi     = {10.1051/0004-6361/201833880}
}

@article{GRB2023,
  author  = {Zhang, B. and et al.},
  title   = {Gamma-Ray Burst Spectral Lags and Photon Mass Constraints},
  journal = {The Astrophysical Journal},
  year    = {2023},
  volume  = {945},
  pages   = {L25},
  doi     = {10.3847/2041-8213/acb7e1}
}

@article{Witten2001,
  author  = {Witten, Edward},
  title   = {M-Theory and $G_2$-Manifolds},
  journal = {Nuclear Physics B},
  year    = {2001},
  volume  = {463},
  pages   = {383-397},
  doi     = {10.1016/S0550-3213(96)00172-5}
}

@article{Alcubierre1994,
  author  = {Alcubierre, Miguel},
  title   = {The warp drive: hyper-fast travel within general relativity},
  journal = {Class. Quantum Grav.},
  year    = {1994},
  volume  = {11},
  pages   = {L73-L77},
  doi     = {10.1088/0264-9381/11/5/001}
}

@article{Moscovium2016,
  author  = {Oganessian, Yu. Ts. and et al.},
  title   = {Synthesis of Moscovium Isotopes},
  journal = {Phys. Rev. Lett.},
  year    = {2016},
  volume  = {116},
  pages   = {132502},
  doi     = {10.1103/PhysRevLett.116.132502}
}

@article{LIGO2017,
  author = {Abbott, B. P. et al.},
  title = {Multi-messenger Observations of a Binary Neutron Star Merger},
  journal = {ApJ},
  year = {2017},
  volume = {848},
  pages = {L12}
}

@article{SPARC2017,  
  title={The SPARC galaxy rotation curve database},  
  author={Lelli, Federico and McGaugh, Stacy S and Schombert, James M},  
  journal={The Astronomical Journal},  
  volume={152},  
  number={6},  
  pages={157},  
  year={2017},  
  publisher={IOP Publishing}  
}  

@article{CTA2023,  
  title={The Cherenkov Telescope Array: A next-generation gamma-ray observatory},  
  author={Acharya, B and others},  
  journal={Astroparticle Physics},  
  volume={43},  
  pages={3--18},  
  year={2023},  
  publisher={Elsevier}  
}  
