@article{Kumar2015,
  author = {Kumar, P. and Zhang, B.},
  title = {The physics of gamma-ray bursts 
  and relativistic jets},
  journal = {Physics Reports},
  volume = {561},
  pages = {1-109},
  year = {2015},
  doi = {10.1016/j.physrep.2014.09.008}
}

@article{Meszaros2006,
  author = {Mészáros, P.},
  title = {Gamma-ray bursts},
  journal = {Reports on Progress in Physics},
  volume = {69},
  pages = {2259},
  year = {2006},
  doi = {10.1088/0034-4885/69/8/R01}
}


@article{Jacobson1995,
  author = {T. Jacobson},
  title = {Thermodynamics of Spacetime: The Einstein Equation of State},
  journal = {Phys. Rev. Lett.},
  volume = {75},
  pages = {1260},
  year = {1995},
  doi = {10.1103/PhysRevLett.75.1260}
}

@article{Verlinde2011,
  author = {E. Verlinde},
  title = {On the Origin of Gravity and the Laws of Newton},
  journal = {JHEP},
  volume = {2011},
  pages = {29},
  year = {2011},
  doi = {10.1007/JHEP04(2011)029}
}

@article{LHAASO2021,
  author = {LHAASO Collaboration},
  title = {Ultra-high-energy gamma-ray emission from the Crab Nebula},
  journal = {Science},
  volume = {373},
  pages = {425},
  year = {2021},
  doi = {10.1126/science.abg5137}
}

@article{HESS2020,
  author = {H.E.S.S. Collaboration},
  title = {Detection of a TeV Gamma-ray Burst},
  journal = {Nature},
  volume = {575},
  pages = {464},
  year = {2020},
  doi = {10.1038/s41586-019-1743-9}
}


@article{SPARC2017,  
  title={The SPARC galaxy rotation curve database},  
  author={Lelli, Federico and McGaugh, Stacy S and Schombert, James M},  
  journal={The Astronomical Journal},  
  volume={152},  
  number={6},  
  pages={157},  
  year={2017},  
  publisher={IOP Publishing}  
}  

@article{CTA2023,  
  title={The Cherenkov Telescope Array: A next-generation gamma-ray observatory},  
  author={Acharya, B and others},  
  journal={Astroparticle Physics},  
  volume={43},  
  pages={3--18},  
  year={2023},  
  publisher={Elsevier}  
}  
@article{jacobson1995,
  author = {T. Jacobson},
  title = {Thermodynamics of Spacetime: The Einstein Equation of State},
  journal = {Phys. Rev. Lett.},
  volume = {75},
  pages = {1260},
  year = {1995},
  doi = {10.1103/PhysRevLett.75.1260}
}

@article{verlinde2011,
  author = {E. Verlinde},
  title = {On the Origin of Gravity and the Laws of Newton},
  journal = {JHEP},
  volume = {04},
  pages = {029},
  year = {2011},
  doi = {10.1007/JHEP04(2011)029}
}

@article{lhasso2021,
  author = {LHAASO Collaboration},
  title = {Ultrahigh-energy photons up to 1.4 petaelectronvolts from 12 gamma-ray Galactic sources},
  journal = {Nature},
  volume = {594},
  pages = {33},
  year = {2021},
  doi = {10.1038/s41586-021-03498-z}
}

@article{hess2019,
  author = {H.E.S.S. Collaboration},
  title = {Acceleration of Petaelectronvolt protons in the Galactic Centre},
  journal = {Nature},
  volume = {531},
  pages = {476},
  year = {2019},
  doi = {10.1038/nature17147}
}

@article{grb190114c,
  author = {MAGIC Collaboration},
  title = {Teraelectronvolt emission from the gamma-ray burst GRB 190114C},
  journal = {Nature},
  volume = {575},
  pages = {455},
  year = {2019},
  doi = {10.1038/s41586-019-1750-x}
}

