@article{mit2023,
  title={Photonic Crystal Emitters for >40\% TPV Efficiency},
  author={Celanovic, Ivan and others},
  journal={Nature},
  volume={615},
  pages={45--52},
  year={2023},
  doi={10.1038/s41586-023-06245-8}
}

@techreport{nasa2023,
  title={NASA STPV Program Update},
  institution={NASA},
  year={2023},
  url={https://www.nasa.gov/stpv}
}

@article{mit2023,
  title={High-Temperature Thermionic Energy Conversion},
  author={Celanovic, I. et al.},
  journal={Nature Energy},
  volume={8},
  pages={123--135},
  year={2023},
  doi={10.1038/s41560-023-01218-7}
}

@techreport{nrel2024,
  title={Cryogenic Turbine Optimization},
  institution={NREL},
  year={2024},
  url={https://www.nrel.gov/docs/fy24osti/89001.pdf}
}

@article{mit2023,
  title={High-Temperature Thermionic Conversion in Fusion Systems},
  author={Celanovic, Ivan and others},
  journal={Nature Energy},
  year={2023},
  volume={8},
  pages={123--135}
}

@techreport{nasa2023,
  title={Advanced Thermal Management Systems},
  institution={NASA},
  year={2023},
  url={https://www.nasa.gov/thermal}
}

@article{mit2023,
  title={High-Temperature Thermionic Conversion in Fusion Systems},
  author={Celanovic, Ivan and others},
  journal={Nature Energy},
  year={2023},
  volume={8},
  pages={123--135}
}

@techreport{nasa2023,
  title={Advanced Thermal Management Systems},
  institution={NASA},
  year={2023},
  url={https://www.nasa.gov/thermal}
}
