@article{mit2023,
  title={Photonic Crystal Emitters for >40\% TPV Efficiency},
  author={Celanovic, Ivan and others},
  journal={Nature},
  volume={615},
  pages={45--52},
  year={2023},
  doi={10.1038/s41586-023-06245-8}
}

@article{stanford2022,
  title={Self-Healing Liquid Tin Emitters for TPV},
  author={Fan, Shanhui and others},
  journal={Science Advances},
  volume={8},
  pages={eabo2621},
  year={2022},
  doi={10.1126/sciadv.abo2621}
}

@techreport{darpa2023,
  title={Ultra-Wide Bandgap Semiconductor Initiative},
  institution={DARPA},
  year={2023},
  url={https://www.darpa.mil/ULTRA}
}

@techreport{nasa2023,
  title={NASA STPV Program Update},
  institution={NASA},
  year={2023},
  url={https://www.nasa.gov/stpv}
}

