@article{Alcubierre1994,
  author  = {Alcubierre, Miguel},
  title   = {The warp drive: hyper-fast travel within general relativity},
  journal = {Class. Quantum Grav.},
  year    = {1994},
  volume  = {11},
  pages   = {L73-L77},
  doi     = {10.1088/0264-9381/11/5/001}
}

@article{Moscovium2016,
  author  = {Oganessian, Yu. Ts. and et al.},
  title   = {Synthesis of Moscovium Isotopes},
  journal = {Phys. Rev. Lett.},
  year    = {2016},
  volume  = {116},
  pages   = {132502},
  doi     = {10.1103/PhysRevLett.116.132502}
}
