@article{Planck2020,
  author  = {Planck Collaboration},
  title   = {Planck 2018 results. I. Overview and the cosmological legacy of the Planck mission},
  journal = {Astronomy \& Astrophysics},
  year    = {2020},
  volume  = {641},
  pages   = {A1},
  doi     = {10.1051/0004-6361/201833880}
}

@article{GRB2023,
  author  = {Zhang, B. and et al.},
  title   = {Gamma-Ray Burst Spectral Lags and Photon Mass Constraints},
  journal = {The Astrophysical Journal},
  year    = {2023},
  volume  = {945},
  pages   = {L25},
  doi     = {10.3847/2041-8213/acb7e1}
}

@article{Witten2001,
  author  = {Witten, Edward},
  title   = {M-Theory and $G_2$-Manifolds},
  journal = {Nuclear Physics B},
  year    = {2001},
  volume  = {463},
  pages   = {383-397},
  doi     = {10.1016/S0550-3213(96)00172-5}
}
